<record><leader>00000cas a2200000 a 4500</leader><controlfield tag="001">11457161</controlfield><controlfield tag="008">841205d18791879ksuwr ne      0   a0eng d</controlfield><controlfield tag="009">3789</controlfield><datafield ind1=" " ind2=" " tag="010"><subfield code="a">sn 84030065 </subfield></datafield><datafield ind1=" " ind2=" " tag="040"><subfield code="a">KSH</subfield><subfield code="b">eng</subfield><subfield code="c">KSH</subfield><subfield code="d">NPT</subfield><subfield code="d">OCL</subfield></datafield><datafield ind1=" " ind2=" " tag="042"><subfield code="a">msc</subfield></datafield><datafield ind1="0" ind2=" " tag="130"><subfield code="a">Optic (Cimarron, Kan.)</subfield></datafield><datafield ind1="0" ind2="4" tag="245"><subfield code="a">The optic.</subfield></datafield><datafield ind1=" " ind2=" " tag="260"><subfield code="a">Cimarron, Kan. :</subfield><subfield code="b">[s.n.],</subfield><subfield code="c">1879-</subfield></datafield><datafield ind1=" " ind2=" " tag="300"><subfield code="a">v. ;</subfield><subfield code="c">39 cm.</subfield></datafield><datafield ind1=" " ind2=" " tag="310"><subfield code="a">Weekly</subfield></datafield><datafield ind1="0" ind2=" " tag="362"><subfield code="a">Vol. 1, no. 1 (July 11, 1879)-</subfield></datafield><datafield ind1="1" ind2=" " tag="362"><subfield code="a">Ceased with Oct. 3, 1879 issue?</subfield></datafield><datafield ind1=" " ind2=" " tag="500"><subfield code="a">Published by Mitchell &amp; Wood, Sept. 12, 1879- .</subfield></datafield><datafield ind1=" " ind2=" " tag="752"><subfield code="a">United States</subfield><subfield code="b">Kansas</subfield><subfield code="c">Foote</subfield><subfield code="d">Cimarron.</subfield></datafield><datafield ind1="0" ind2="0" tag="780"><subfield code="t">New west (Cimarron, Kan. : Mar. 1879)</subfield><subfield code="w">(DLC)sn 84030061</subfield></datafield><datafield ind1="0" ind2="0" tag="785"><subfield code="t">New west (Cimarron, Kan. : Oct. 1879)</subfield><subfield code="w">(DLC)sn 84030092</subfield></datafield></record>